
@misc{gsoc,
    Author      = {Matthieu Coudron},
    title       = {GSOC 2015 MpTcp Implementation},
    year       = {2015},
    howpublished = {\url{https://www.nsnam.org/wiki/GSOC2015MpTcpImplementation#On_the_per_node_clock}}
}
@misc{IEEE1588Ns3,
    author      = " Tatsuya Maruyama,Tsutomu Yamada, Shouji Yoshida, Mitsuyasu Kido, Chikashi Komatsu ",
    title       = "NS-3 based IEEE 1588 synchronization simulator for multi-hop network",
    year       = "2015",
    howpublished = {\url{https://ieeexplore.ieee.org/document/7324691}}
}

@misc{ScheduleDiscuss,
    title         = {ScheduleWithContex change of signature discussion },
    howpublished    = {\url{http://network-simulator-ns-2.7690.n7.nabble.com/Have-ScheduleWithContext-return-an-EventId-td30969.html}}
}
@misc{ClockModelDiscussion,
    title         = {Clock modelling difficulty discussion },
    howpublished           = {\url{https://www.nsnam.org/wiki/Local_Clocks}}
}

